
@article{sovacool2022,
	title = {OptiFit: an Improved Method for Fitting Amplicon Sequences to Existing OTUs},
	author = {Sovacool, Kelly L. and Westcott, Sarah L. and Mumphrey, M. Brodie and Dotson, Gabrielle A. and Schloss, Patrick D.},
	year = {2022},
	month = {02},
	date = {2022-02-23},
	journal = {mSphere},
	pages = {e00916--21},
	volume = {7},
	number = {1},
	doi = {10.1128/msphere.00916-21},
	url = {https://journals.asm.org/doi/full/10.1128/msphere.00916-21},
	note = {Publisher: American Society for Microbiology}
}

@article{baxter2016,
	title = {Microbiota-based model improves the sensitivity of fecal immunochemical test for detecting colonic lesions},
	author = {Baxter, Nielson T. and Ruffin, Mack T. and Rogers, Mary A. M. and Schloss, Patrick D.},
	year = {2016},
	month = {04},
	date = {2016-04-06},
	journal = {Genome Medicine},
	pages = {37},
	volume = {8},
	number = {1},
	doi = {10.1186/s13073-016-0290-3},
	url = {https://doi.org/10.1186/s13073-016-0290-3}
}

@article{schloss2009,
	title = {Introducing mothur: Open-Source, Platform-Independent, Community-Supported Software for Describing and Comparing Microbial Communities},
	author = {Schloss, Patrick D. and Westcott, Sarah L. and Ryabin, Thomas and Hall, Justine R. and Hartmann, Martin and Hollister, Emily B. and Lesniewski, Ryan A. and Oakley, Brian B. and Parks, Donovan H. and Robinson, Courtney J. and Sahl, Jason W. and Stres, Blaz and Thallinger, Gerhard G. and Van Horn, David J. and Weber, Carolyn F.},
	year = {2009},
	month = {12},
	date = {2009-12},
	journal = {Applied and Environmental Microbiology},
	pages = {7537--7541},
	volume = {75},
	number = {23},
	doi = {10.1128/AEM.01541-09},
	url = {https://www.ncbi.nlm.nih.gov/pmc/articles/PMC2786419/},
	note = {PMID: 19801464
PMCID: PMC2786419}
}

@article{quast2013,
	title = {The SILVA ribosomal RNA gene database project: improved data processing and web-based tools},
	author = {Quast, Christian and Pruesse, Elmar and Yilmaz, Pelin and Gerken, Jan and Schweer, Timmy and Yarza, Pablo and Peplies, {Jörg} and {Glöckner}, Frank Oliver},
	year = {2013},
	month = {01},
	date = {2013-01},
	journal = {Nucleic Acids Research},
	pages = {D590--D596},
	volume = {41},
	number = {Database issue},
	doi = {10.1093/nar/gks1219},
	url = {https://www.ncbi.nlm.nih.gov/pmc/articles/PMC3531112/},
	note = {PMID: 23193283
PMCID: PMC3531112}
}

@article{topçuoglu2021,
	title = {mikropml: User-Friendly R Package for Supervised Machine Learning Pipelines},
	author = {{Topçuo{\u{g}}lu}, {Begüm D.} and Lapp, Zena and Sovacool, Kelly L. and Snitkin, Evan and Wiens, Jenna and Schloss, Patrick D.},
	year = {2021},
	month = {05},
	date = {2021-05-14},
	journal = {Journal of Open Source Software},
	pages = {3073},
	volume = {6},
	number = {61},
	doi = {10.21105/joss.03073},
	url = {https://joss.theoj.org/papers/10.21105/joss.03073},
	langid = {en}
}

@article{zackular2014,
	title = {The Human Gut Microbiome as a Screening Tool for Colorectal Cancer},
	author = {Zackular, Joseph P. and Rogers, Mary A.M. and Ruffin, {Mack T., IV} and Schloss, Patrick D.},
	year = {2014},
	month = {11},
	date = {2014-11-02},
	journal = {Cancer Prevention Research},
	pages = {1112--1121},
	volume = {7},
	number = {11},
	doi = {10.1158/1940-6207.CAPR-14-0129},
	url = {https://doi.org/10.1158/1940-6207.CAPR-14-0129}
}

@article{westcott2015,
	title = {De novo clustering methods outperform reference-based methods for assigning 16S rRNA gene sequences to operational taxonomic units},
	author = {Westcott, Sarah L. and Schloss, Patrick D.},
	year = {2015},
	month = {12},
	date = {2015-12-08},
	journal = {PeerJ},
	pages = {e1487},
	volume = {3},
	doi = {10.7717/peerj.1487},
	url = {https://peerj.com/articles/1487},
	note = {Publisher: PeerJ Inc.},
	langid = {en}
}

@article{edgar2011,
	title = {UCHIME improves sensitivity and speed of chimera detection},
	author = {Edgar, Robert C. and Haas, Brian J. and Clemente, Jose C. and Quince, Christopher and Knight, Rob},
	year = {2011},
	month = {08},
	date = {2011-08-15},
	journal = {Bioinformatics},
	pages = {2194--2200},
	volume = {27},
	number = {16},
	doi = {10.1093/bioinformatics/btr381},
	url = {https://academic.oup.com/bioinformatics/article-lookup/doi/10.1093/bioinformatics/btr381},
	langid = {en}
}

@article{edgar2011a,
	title = {UCHIME improves sensitivity and speed of chimera detection},
	author = {Edgar, Robert C. and Haas, Brian J. and Clemente, Jose C. and Quince, Christopher and Knight, Rob},
	year = {2011},
	month = {08},
	date = {2011-08-15},
	journal = {Bioinformatics},
	pages = {2194--2200},
	volume = {27},
	number = {16},
	doi = {10.1093/bioinformatics/btr381},
	url = {https://academic.oup.com/bioinformatics/article-lookup/doi/10.1093/bioinformatics/btr381},
	langid = {en}
}

@article{westcott2017,
	title = {OptiClust, an Improved Method for Assigning Amplicon-Based Sequence Data to Operational Taxonomic Units},
	author = {Westcott, Sarah L. and Schloss, Patrick D.},
	year = {2017},
	month = {04},
	date = {2017-04-26},
	journal = {mSphere},
	pages = {e00073--17},
	volume = {2},
	number = {2},
	doi = {10.1128/mSphereDirect.00073-17},
	url = {https://journals.asm.org/doi/10.1128/mSphereDirect.00073-17},
	note = {Publisher: American Society for Microbiology}
}

@article{koster2012,
	title = {Snakemake--a scalable bioinformatics workflow engine},
	author = {Koster, J. and Rahmann, S.},
	year = {2012},
	month = {10},
	date = {2012-10-01},
	journal = {Bioinformatics},
	pages = {2520--2522},
	volume = {28},
	number = {19},
	doi = {10.1093/bioinformatics/bts480},
	url = {https://academic.oup.com/bioinformatics/article-lookup/doi/10.1093/bioinformatics/bts480},
	langid = {en}
}

@Manual{R2020,
    title = {R: A Language and Environment for Statistical Computing},
    author = {{R Core Team}},
    organization = {R Foundation for Statistical Computing},
    address = {Vienna, Austria},
    year = {2020},
    url = {https://www.R-project.org/},
}

@Manual{RStudio2019,
    title = {RStudio: Integrated Development Environment for R},
    author = {{RStudio Team}},
    organization = {RStudio, Inc.},
    address = {Boston, MA},
    year = {2019},
    url = {http://www.rstudio.com/},
}

@Manual{GNUbash,
    title = {Bash Reference Manual},
    author = {{GNU Project}},
    url = {https://www.gnu.org/software/bash/ manual/bash.html/},
}
@article{wickham2019,
	title = {Welcome to the Tidyverse},
	author = {Wickham, Hadley and Averick, Mara and Bryan, Jennifer and Chang, Winston and McGowan, {Lucy D'Agostino} and {François}, Romain and Grolemund, Garrett and Hayes, Alex and Henry, Lionel and Hester, Jim and Kuhn, Max and Pedersen, Thomas Lin and Miller, Evan and Bache, Stephan Milton and {Müller}, Kirill and Ooms, Jeroen and Robinson, David and Seidel, Dana Paige and Spinu, Vitalie and Takahashi, Kohske and Vaughan, Davis and Wilke, Claus and Woo, Kara and Yutani, Hiroaki},
	year = {2019},
	month = {11},
	date = {2019-11-21},
	journal = {Journal of Open Source Software},
	pages = {1686},
	volume = {4},
	number = {43},
	doi = {10.21105/joss.01686},
	url = {https://joss.theoj.org/papers/10.21105/joss.01686},
	langid = {en}
}

@book{xie_r_2018,
  title = {R {{Markdown}}: {{The Definitive Guide}}},
  shorttitle = {R {{Markdown}}},
  author = {Xie, Yihui and Allaire, J. J. and Grolemund, Garrett},
  year = {2018},
  publisher = {{Taylor \& Francis, CRC Press}},
  googlebooks = {j9YyuAEACAAJ},
  isbn = {978-1-138-35933-8},
  language = {en}
}

@misc{noauthor_sra-tools_nodate,
  title = {{{SRA}}-{{Tools}} - {{NCBI}}},
  howpublished = {http://ncbi.github.io/sra-tools/}
}

@misc{noauthor_anaconda_2016,
  title = {Anaconda {{Software Distribution}}},
  year = {2016},
  howpublished = {Anaconda Inc.},
  journal = {Anaconda Documentation}
}